<record><leader>00000cas a22000007a 4500</leader><controlfield tag="001">12548032</controlfield><controlfield tag="008">850914d18661904gauwr ne      0    0eng d</controlfield><datafield ind1=" " ind2=" " tag="010"><subfield code="a">sn 85034211 </subfield></datafield><datafield ind1=" " ind2=" " tag="040"><subfield code="a">NPU</subfield><subfield code="b">eng</subfield><subfield code="c">NPU</subfield><subfield code="d">NPX</subfield><subfield code="d">DLC</subfield><subfield code="d">NLG</subfield><subfield code="d">GUA</subfield><subfield code="d">OCLCF</subfield><subfield code="d">OCLCO</subfield></datafield><datafield ind1="1" ind2=" " tag="029"><subfield code="a">AU@</subfield><subfield code="b">000041189204</subfield></datafield><datafield ind1=" " ind2=" " tag="042"><subfield code="a">msc</subfield></datafield><datafield ind1=" " ind2=" " tag="043"><subfield code="a">n-us-ga</subfield></datafield><datafield ind1="0" ind2=" " tag="130"><subfield code="a">Washington gazette (Washington, Ga. : 1866)</subfield></datafield><datafield ind1="0" ind2="4" tag="245"><subfield code="a">The Washington gazette.</subfield></datafield><datafield ind1=" " ind2=" " tag="260"><subfield code="a">Washington, Ga. :</subfield><subfield code="b">Jas. A. Wright,</subfield><subfield code="c">1866-[1904]</subfield></datafield><datafield ind1=" " ind2=" " tag="300"><subfield code="a">v.</subfield></datafield><datafield ind1=" " ind2=" " tag="310"><subfield code="a">Weekly</subfield></datafield><datafield ind1="0" ind2=" " tag="362"><subfield code="a">Vol. 1, no. 21 (Apr. 27, 1866)-</subfield></datafield><datafield ind1="1" ind2=" " tag="362"><subfield code="a">Ceased in Dec. 1904.</subfield></datafield><datafield ind1=" " ind2=" " tag="530"><subfield code="a">Also on microfilm: Athens, Ga. : University of Georgia Libraries.</subfield></datafield><datafield ind1=" " ind2=" " tag="580"><subfield code="a">Merged with: Washington chronicle (Washington, Ga.), to form: Gazette-chronicle.</subfield></datafield><datafield ind1=" " ind2="0" tag="651"><subfield code="a">Washington (Ga.)</subfield><subfield code="v">Newspapers.</subfield></datafield><datafield ind1=" " ind2="0" tag="651"><subfield code="a">Wilkes County (Ga.)</subfield><subfield code="v">Newspapers.</subfield></datafield><datafield ind1=" " ind2="7" tag="655"><subfield code="a">Newspapers.</subfield><subfield code="2">fast</subfield><subfield code="0">(OCoLC)fst01423814</subfield></datafield><datafield ind1=" " ind2="7" tag="651"><subfield code="a">Georgia</subfield><subfield code="z">Washington.</subfield><subfield code="2">fast</subfield><subfield code="0">(OCoLC)fst01216229</subfield></datafield><datafield ind1=" " ind2="7" tag="651"><subfield code="a">Georgia</subfield><subfield code="z">Wilkes County.</subfield><subfield code="2">fast</subfield><subfield code="0">(OCoLC)fst01206962</subfield></datafield><datafield ind1=" " ind2=" " tag="752"><subfield code="a">United States</subfield><subfield code="b">Georgia</subfield><subfield code="c">Wilkes</subfield><subfield code="d">Washington.</subfield></datafield><datafield ind1="1" ind2="7" tag="785"><subfield code="t">Washington chronicle (Washington, Ga.)</subfield><subfield code="w">(DLC)sn 89053992</subfield><subfield code="w">(OCoLC)21888307</subfield></datafield><datafield ind1="1" ind2="7" tag="785"><subfield code="t">Gazette-chronicle</subfield><subfield code="w">(DLC)sn 89053993</subfield><subfield code="w">(OCoLC)21888327</subfield></datafield></record>